@article{dean2008mapreduce,
  title={MapReduce: simplified data processing on large clusters},
  author={Dean, Jeffrey and Ghemawat, Sanjay},
  journal={Communications of the ACM},
  volume={51},
  number={1},
  pages={107--113},
  year={2008},
  publisher={ACM}
}

@article{altschul1990basic,
  title={Basic local alignment search tool},
  author={Altschul, Stephen F and Gish, Warren and Miller, Webb and Myers, Eugene W and Lipman, David J},
  journal={Journal of molecular biology},
  volume={215},
  number={3},
  pages={403--410},
  year={1990},
  publisher={Elsevier}
}

@article{borthakur2007hadoop,
  title={The hadoop distributed file system: Architecture and design},
  author={Borthakur, Dhruba},
  journal={Hadoop Project Website},
  volume={11},
  pages={21},
  year={2007}
}

@article{darling2003design,
  title={The design, implementation, and evaluation of mpiBLAST},
  author={Darling, Aaron and Carey, Lucas and Feng, Wu-chun},
  journal={Proceedings of ClusterWorld},
  volume={2003},
  year={2003}
}

@inproceedings{ghemawat2003google,
  title={The Google file system},
  author={Ghemawat, Sanjay and Gobioff, Howard and Leung, Shun-Tak},
  booktitle={ACM SIGOPS Operating Systems Review},
  volume={37},
  number={5},
  pages={29--43},
  year={2003},
  organization={ACM}
}

@article{hartigan1979algorithm,
  title={Algorithm AS 136: A k-means clustering algorithm},
  author={Hartigan, John A and Wong, Manchek A},
  journal={Journal of the Royal Statistical Society. Series C (Applied Statistics)},
  volume={28},
  number={1},
  pages={100--108},
  year={1979},
  publisher={JSTOR}
}

@article{li2010est,
  title={EST analysis reveals putative genes involved in glycyrrhizin biosynthesis},
  author={Li, Ying and Luo, Hong-Mei and Sun, Chao and Song, Jing-Yuan and Sun, Yong-Zhen and Wu, Qiong and Wang, Ning and Yao, Hui and Steinmetz, Andr{\'e} and Chen, Shi-Lin},
  journal={BMC genomics},
  volume={11},
  number={1},
  pages={268},
  year={2010},
  publisher={BioMed Central Ltd}
}

@book{manning2008introduction,
  title={Introduction to information retrieval},
  author={Manning, Christopher D and Raghavan, Prabhakar and Sch{\"u}tze, Hinrich},
  volume={1},
  year={2008},
  publisher={Cambridge University Press Cambridge}
}

@inproceedings{matsunaga2008cloudblast,
  title={Cloudblast: Combining mapreduce and virtualization on distributed resources for bioinformatics applications},
  author={Matsunaga, Andr{\'e}a and Tsugawa, Maur{\'\i}cio and Fortes, Jos{\'e}},
  booktitle={IEEE Fourth International Conference on eScience, 2008.},
  pages={222--229},
  year={2008},
  organization={IEEE}
}

@inproceedings{moretti2008all,
  title={All-pairs: An abstraction for data-intensive cloud computing},
  author={Moretti, Christopher and Bulosan, Jared and Thain, Douglas and Flynn, Patrick J},
  booktitle={IEEE International Symposium on Parallel and Distributed Processing, 2008.},
  pages={1--11},
  year={2008},
  organization={IEEE}
}

@article{morgulis2008database,
  title={Database indexing for production MegaBLAST searches},
  author={Morgulis, Aleksandr and Coulouris, George and Raytselis, Yan and Madden, Thomas L and Agarwala, Richa and Sch{\"a}ffer, Alejandro A},
  journal={Bioinformatics},
  volume={24},
  number={16},
  pages={1757--1764},
  year={2008},
  publisher={Oxford Univ Press}
}

@article{murray2002identification,
  title={Identification of putative genes in bean (\textit{Phaseolus vulgaris}) genomic ({Bng}) RFLP clones and their conversion to {STS}s},
  author={Murray, J and Larsen, J and Michaels, TE and Schaafsma, A and Vallejos, CE and Pauls, KP},
  journal={Genome},
  volume={45},
  number={6},
  pages={1013--1024},
  year={2002},
  publisher={NRC Research Press}
}

@article{vakatov2004ncbi,
  title={The NCBI C++ Toolkit Book},
  author={Vakatov, Denis},
  year={2004},
  publisher={National Center for Biotechnology Information (US)}
}

@article{schloss2002characterization,
  title={Characterization of RFLP probe sequences for gene discovery and SSR development in Sorghum bicolor (L.) Moench},
  author={Schloss, S and Mitchell, S and White, G and Kukatla, R and Bowers, J and Paterson, A and Kresovich, S},
  journal={Theoretical and Applied Genetics},
  volume={105},
  number={6-7},
  pages={912--920},
  year={2002},
  publisher={Springer}
}

@article{shiryev2007improved,
  title={Improved BLAST searches using longer words for protein seeding},
  author={Shiryev, Sergey A and Papadopoulos, Jason S and Sch{\"a}ffer, Alejandro A and Agarwala, Richa},
  journal={Bioinformatics},
  volume={23},
  number={21},
  pages={2949--2951},
  year={2007},
  publisher={Oxford Univ Press}
}

@article{van2003new,
  title={A new partitioning around medoids algorithm},
  author={Van der Laan, Mark and Pollard, Katherine and Bryan, Jennifer},
  journal={Journal of Statistical Computation and Simulation},
  volume={73},
  number={8},
  pages={575--584},
  year={2003},
  publisher={Taylor \& Francis}
}

@incollection{williams1996indexing,
  title={Indexing nucleotide databases for fast query evaluation},
  author={Williams, Hugh and Zobel, Justin},
  booktitle={Advances in Database Technologyâ€”EDBT'96},
  pages={275--288},
  year={1996},
  publisher={Springer}
}

@article{wootton1993statistics,
  title={Statistics of local complexity in amino acid sequences and sequence databases},
  author={Wootton, John C and Federhen, Scott},
  journal={Computers \& chemistry},
  volume={17},
  number={2},
  pages={149--163},
  year={1993},
  publisher={Elsevier}
}

@article{peterson2009nih,
  title={The NIH human microbiome project},
  author={Peterson, Jane and Garges, Susan and Giovanni, Maria and McInnes, Pamela and Wang, Lu and Schloss, Jeffery A and Bonazzi, Vivien and McEwen, Jean E and Wetterstrand, Kris A and Deal, Carolyn and others},
  journal={Genome research},
  volume={19},
  number={12},
  pages={2317--2323},
  year={2009},
  publisher={Cold Spring Harbor Lab}
}

@book{inc_amazon_2008,
    address= {http://aws.amazon.com/ec2},
    author= {Inc, Amazon},
    comment = {Published: Published on the web},
    publisher = {Amazon Inc.},
    title = {Amazon Elastic Compute Cloud {(Amazon} {EC2)}},
    url = {http://aws.amazon.com/ec2/\#pricing},
    year = {2008}
}

@inproceedings{condor-hunter,
    author = "Michael Litzkow and Miron Livny and Matthew Mutka",
    title = "{C}ondor - A Hunter of Idle Workstations",
    booktitle = "Proceedings of the 8th International Conference of Distributed Computing Systems",
    month = "June",
    year = "1988"
}

@techreport{dongarra1993proposal,
  title={A proposal for a user-level, message passing interface in a distributed memory environment},
  author={Dongarra, Jack J and Hempel, Rolf and Hey, Anthony JG and Walker, David W},
  year={1993},
  institution={Oak Ridge National Lab., TN (United States)}
}

@inproceedings{eddy2009new,
  title={A new generation of homology search tools based on probabilistic inference},
  author={Eddy, Sean R and others},
  booktitle={Genome Inform},
  volume={23},
  number={1},
  pages={205--211},
  year={2009},
  organization={World Scientific}
}

@article{kent2002blat,
  title={{BLAT}-the BLAST-like alignment tool},
  author={Kent, W James},
  journal={Genome research},
  volume={12},
  number={4},
  pages={656--664},
  year={2002},
  publisher={Cold Spring Harbor Lab}
}

@article{li2002tolerating,
  title={Tolerating some redundancy significantly speeds up clustering of large protein databases},
  author={Li, Weizhong and Jaroszewski, Lukasz and Godzik, Adam},
  journal={Bioinformatics},
  volume={18},
  number={1},
  pages={77--82},
  year={2002},
  publisher={Oxford Univ Press}
}
