@article{gurevich2013quast,
  title={QUAST: quality assessment tool for genome assemblies},
  author={Gurevich, Alexey and Saveliev, Vladislav and Vyahhi, Nikolay and Tesler, Glenn},
  journal={Bioinformatics},
  volume={29},
  number={8},
  pages={1072--1075},
  year={2013},
  publisher={Oxford Univ Press}
}

@article{barthelson2011plantagora,
  title={Plantagora: modeling whole genome sequencing and assembly of plant genomes},
  author={Barthelson, Roger and McFarlin, Adam J and Rounsley, Steven D and Young, Sarah},
  journal={PLoS One},
  volume={6},
  number={12},
  pages={1--9},
  year={2011},
  publisher={Public Library of Science}
}

@article{lukashin1998genemark,
  title={GeneMark. hmm: new solutions for gene finding},
  author={Lukashin, Alexander V and Borodovsky, Mark},
  journal={Nucleic acids research},
  volume={26},
  number={4},
  pages={1107--1115},
  year={1998},
  publisher={Oxford Univ Press}
}

@article{majoros2004tigrscan,
  title={TigrScan and GlimmerHMM: two open source ab initio eukaryotic gene-finders},
  author={Majoros, William H and Pertea, Mihaela and Salzberg, Steven L},
  journal={Bioinformatics},
  volume={20},
  number={16},
  pages={2878--2879},
  year={2004},
  publisher={Oxford Univ Press}
}

@article{lander1988genomic,
  title={Genomic mapping by fingerprinting random clones: a mathematical analysis},
  author={Lander, Eric S and Waterman, Michael S},
  journal={Genomics},
  volume={2},
  number={3},
  pages={231--239},
  year={1988},
  publisher={Elsevier}
}

@article{mcgill1978variations,
  title={Variations of box plots},
  author={McGill, Robert and Tukey, John W and Larsen, Wayne A},
  journal={The American Statistician},
  volume={32},
  number={1},
  pages={12--16},
  year={1978},
  publisher={Taylor \& Francis Group}
}

@article{marccais2011fast,
  title={A fast, lock-free approach for efficient parallel counting of occurrences of k-mers},
  author={Mar{\c{c}}ais, Guillaume and Kingsford, Carl},
  journal={Bioinformatics},
  volume={27},
  number={6},
  pages={764--770},
  year={2011},
  publisher={Oxford Univ Press}
}

@article{patro2014sailfish,
  title={Sailfish enables alignment-free isoform quantification from RNA-seq reads using lightweight algorithms},
  author={Patro, Rob and Mount, Stephen M and Kingsford, Carl},
  journal={Nature biotechnology},
  volume={32},
  number={5},
  pages={462--464},
  year={2014},
  publisher={Nature Publishing Group}
}

@article{shakya2013comparative,
  title={Comparative metagenomic and rRNA microbial diversity characterization using archaeal and bacterial synthetic communities},
  author={Shakya, Migun and Quince, Christopher and Campbell, James H and Yang, Zamin K and Schadt, Christopher W and Podar, Mircea},
  journal={Environmental microbiology},
  volume={15},
  number={6},
  pages={1882--1899},
  year={2013},
  publisher={Wiley Online Library}
}

@article{haider2014omega,
  title={Omega: an Overlap-graph de novo Assembler for Metagenomics},
  author={Haider, Bahlul and Ahn, Tae-Hyuk and Bushnell, Brian and Chai, Juanjuan and Copeland, Alex and Pan, Chongle},
  journal={Bioinformatics},
  pages={btu395},
  year={2014},
  publisher={Oxford Univ Press}
}

@article{li2015megahit,
  title={MEGAHIT: an ultra-fast single-node solution for large and complex metagenomics assembly via succinct de Bruijn graph},
  author={Li, Dinghua and Liu, Chi-Man and Luo, Ruibang and Sadakane, Kunihiko and Lam, Tak-Wah},
  journal={Bioinformatics},
  pages={btv033},
  year={2015},
  publisher={Oxford Univ Press}
}
