@article{chin2013nonhybrid,
  title={Nonhybrid, finished microbial genome assemblies from long-read SMRT sequencing data},
  author={Chin, Chen-Shan and Alexander, David H and Marks, Patrick and Klammer, Aaron A and Drake, James and Heiner, Cheryl and Clum, Alicia and Copeland, Alex and Huddleston, John and Eichler, Evan E and others},
  journal={Nature methods},
  year={2013},
  publisher={Nature Publishing Group}
}

@article{ribeiro2012finished,
  title={Finished bacterial genomes from shotgun sequence data},
  author={Ribeiro, Filipe J and Przybylski, Dariusz and Yin, Shuangye and Sharpe, Ted and Gnerre, Sante and Abouelleil, Amr and Berlin, Aaron M and Montmayeur, Anna and Shea, Terrance P and Walker, Bruce J and others},
  journal={Genome research},
  volume={22},
  number={11},
  pages={2270--2277},
  year={2012},
  publisher={Cold Spring Harbor Lab}
}

@article{koren2013reducing,
  title={Reducing assembly complexity of microbial genomes with single-molecule sequencing},
  author={Koren, Sergey and Harhay, Gregory P and Smith, Timothy PL and Bono, James L and Harhay, Dayna M and Mcvey, D Scott and Radune, Diana and Bergman, Nicholas H and Phillippy, Adam M},
  journal={arXiv preprint arXiv:1304.3752},
  year={2013}
}

@article{phillippy2008genome,
  title={Genome assembly forensics: finding the elusive mis-assembly},
  author={Phillippy, A.M. and Schatz, M.C. and Pop, M.},
  journal={Genome Biology},
  volume={9},
  number={3},
  pages={R55},
  year={2008},
  publisher={BioMed Central Ltd}
}

@article{myers1995,
  title={Toward simplifying and accurately formulating fragment assembly},
  author={Myers, EW},
  journal={J. Comp. Biol.},
  volume={2},
  pages={275--90},
  year={1995}
}

@article{LAP,
   author = {Ghodsi, M. and Hill C.M. and Astrovskaya, I. and Lin, H. and Sommer D. and Koren S. and Pop, M.},
   title = {De novo genome assembly evaluation},
   year = {In press}
  }

  @article{segata2012metagenomic,
  title={Metagenomic microbial community profiling using unique clade-specific marker genes},
  author={Segata, Nicola and Waldron, Levi and Ballarini, Annalisa and Narasimhan, Vagheesh and Jousson, Olivier and Huttenhower, Curtis},
  journal={Nature methods},
  volume={9},
  number={8},
  pages={811--814},
  year={2012},
  publisher={Nature Publishing Group}
}
@article{brady2009phymm,
  title={Phymm and PhymmBL: metagenomic phylogenetic classification with interpolated Markov models},
  author={Brady, Arthur and Salzberg, Steven L},
  journal={Nature methods},
  volume={6},
  number={9},
  pages={673--676},
  year={2009},
  publisher={Nature Publishing Group}
}
@inproceedings{liu2010metaphyler,
  title={MetaPhyler: Taxonomic profiling for metagenomic sequences},
  author={Liu, Bo and Gibbons, Theodore and Ghodsi, Mohammadreza and Pop, Mihai},
  booktitle={Bioinformatics and Biomedicine (BIBM), 2010 IEEE International Conference on},
  pages={95--100},
  year={2010},
  organization={IEEE}
}
@article{huson2007megan,
  title={MEGAN analysis of metagenomic data},
  author={Huson, Daniel H and Auch, Alexander F and Qi, Ji and Schuster, Stephan C},
  journal={Genome research},
  volume={17},
  number={3},
  pages={377--386},
  year={2007},
  publisher={Cold Spring Harbor Lab}
}
@UNPUBLISHED{sailfish,
  author = {Patro, Rob and Mount, Steve and Kingsford, Carl},
  title = {SAILFISH Manuscript},
  note = {Submitted for publication},
  month = June,
  year = {2013}
}

@article{pop2008trends,
  title={Bioinformatics challenges of new sequencing technology},
  author={M. Pop and S. L. Salzberg},
  journal={Trends in Genetics},
  volume={24(3)},
  pages={142--149},
  year={2008}
}

@article{salzberg2005misassemblies,
  title={Beware of mis-assembled genomes},
  author={S. L. Salzberg and J.A. Yorke},
  journal={Bioinformatics},
  volume={21(24)},
  pages={4320--4321},
  year={2005}
}

@article{humanGenome2001,
  title={Initial sequencing and analysis of human genome},
  author={E.S. Lander and L.M. Linton and B. Birren and C. Nusbaum and M.C. Zody},
  journal={Nature},
  volume={409},
  pages={860--921},
  year={2001}
}

@article{nagarajan2009complexity,
  title={Parametric complexity of sequence assembly: theory and applications to next generation sequencing},
  author={Nagarajan, N. and Pop, M.},
  journal={J. Comp. Biol. },
  volume={16(7)},
  pages={897--908},
  year={2009}
}

@article{ABySS,
  author={Simpson, J.T. and Wong, K. and Jackman, S. D. and Schein, J. E. and Jones, S. J. M. and Birol, .I},
  title={ABySS: a parallel assembler for short read sequence data},
  journal ={Genome Res. },
  year={2009},
  volume ={19},
  number={6},
  pages={1117--1123},
}

@article{Velvet,
  author={Zerbino, D. R. and Birney, E.},
  title={Velvet: algorithms for de novo short read assembly using de Bruijn graphs},
  journal={Genome Res. },
  year={2008},
  volume={18},
  pages={821--829},
}

@article{Allpaths-LG,
  author={Gnerre, S and Maccallum, I and Przybylski, D and Ribeiro, FJ and Burton, JN and Walker, BJ and Sharpe, T and Hall, G and Shea, TP and Sykes, S, et al.},
  title={High--¬Åquality draft assemblies of mammalian genomes from massively parallel sequence data},
  journal={Proc Natl Acad Sci USA },
  year={2011},
  volume={108(4)},
  pages={1513--1518},
}

@article{Bambus2,
  author={Koren, S. and Treangen, T.J. and Pop, M.},
  title={Bambus2: Scaffolding Metagenomes},
  journal={Bioinformatics},
  volume={27(21)},
  pages={2964--2971},
}

@article{CABOG,
  author={Miller, J.R. and Delcher, A.L. and Koren, S. and Venter, E. and Walenz, B.P. and Brownley, A. and Johnson, J. and Li, K. and Mobarry, C. and Sutton, G.},
  title={Aggressive assembly of pyrosequencing reads with mates},
  journal={Bioinformatics},
  year={2008},
  volume={24(24)},
  pages={2818--2824},
}

@article{Miller2010,
  author={Miller, J and Koren, S and Sutton, G},
  title={Assembly algorithms for next-generation sequencing data},
  journal={Genomics},
  year={2010},
  volume={95(6)},
  pages={315--327},
}

@article{SOAPdenovo,
  author={Li, R and Zhu, H and Ruan, J and Qian, W and Fang, X and Shi, Z and Li, Y and Li, S and Shan, G and Kristiansen, K, et al.},
  title={De novo assembly of human genomes with massively parallel short read sequencing},
  journal={Bioinformatics},
  year={2010},
  volume={20(2)},
  pages={265--272},
}

@article{Lin2011simulatedData,
  title={Comparative studies of de novo assembly tools for next-generation sequencing technologies},
  author={Y. Lin and J. Li and H. Shen and L. Zhang and C. Papasian and H.-W. Deng},
  journal={Bioinformatics},
  volume={27(15)},
  pages={1--7},
  year={2011}
}

@article{amosvalidate2008,
  author={Phillippy, AM and Schatz, MC and Pop, M},
  title={Genome assembly forensics: finding the elusive mis-assembly},
  journal={Genome Biol.},
  year={2008},
  volume={9(3)},
  pages={R55},
}

@article{FRC2011,
  title={Comparing \emph{de novo} genome assembly: the long and short of it},
  author={Narzisi, G. and Mishra B.},
  journal={PLoS ONE},
  volume={6},
  pages={e19175},
  year={2011}
}

@article{CQS,
  title={CAP3: a DNA sequence assembly program},
  author={Huang, X. and Madan, A.},
  journal={Genome Res},
  volume={9},
  pages={868--877},
  year={1999}
}

@article{Huson2001,
  title={Comparing assemblies using fragments and mate-pairs},
  author={Huson DH and Halpern AL and Lai Z and Myers EW and Reinert K and Sutton GG},
  journal={In Proceedings of the Algorithms in Bioinformatics: First International Workshop, WABI 2001 [Lecture Notes in Computer Science]},
  volume={2149},
  pages={294--306},
  year={2001}
}

@article{Consed,
  title={Consed: a graphical tool for sequence finishing},
  author={Gordon D and Abajian C and Green P},
  journal={Genome Res},
  volume={8},
  pages={195--202},
  year={1998}
}

@article{BACCardI,
  title={BACCardI - a tool for the validation of genomic assemblies, assisting genome finishing and intergenome comparison},
  author={Bartels D and Kespohl S and Albaum S and Druke T and Goesmann A and Herold J and Kaiser O and Puhler A and Pfeiffer F and Raddatz G and Stoye J and Meyer F and Schuster SC},
  journal={Bioinformatics},
  volume={21},
  pages={853--859},
  year={2005}
}

@article{TAMPA,
  title={A tool for analyzing mate pairs in assemblies (TAMPA)},
  author={Dew IM and Walenz B and Sutton G},
  journal={J Comput Biol},
  volume={12},
  pages={497--513},
  year={2005}
}

@article{CeleraAssembler,
  title={A whole-genome assembly of Drosophila},
  author={Myers, E.W. and Sutton, G.G. and Delcher, A.L. and Dew, I.M. and Fasulo, D.P. and Flanigan, M.J. and Kravitz, S.A. and Mobarry, C.M. and Reinert, K.H.J. and Remington, K.A. and others},
  journal={Science},
  volume={287},
  number={5461},
  pages={2196--2204},
  year={2000},
  publisher={American Association for the Advancement of Science}
}

@article{MUMmer,
  title={Versatile and open software for comparing large genomes},
  author={Kurtz S., et al},
  journal={Genome Biol.},
  volume={5},
  pages={R12},
  year={2004}
}

@article{Mauve,
  title={Mauve: multiple alignment of conserved genomic sequence with rearrangements},
  author={Darling E. C. F., et al},
  journal={Genome Res.},
  volume={14},
  pages={1394 -- 1403},
  year={2004}
}

@article{VISPA,
  title={Inferring viral quasispecies spectra from 454 pyrosequencing reads},
  author={Astrovskaya, I. and Tork, B. and Mangul, S. and Westbrooks, K. and Mandoiu, I. and Balfe, P. and Zelikovsky, A.},
  journal={BMC Bioinfromatics},
  volume={12(Suppl 6):S1 },
  pages={3389--3402},
  year={2011}
}

@article{SHORAH,
  title={ShoRAH: estimating the genetic diversity of a mixed sample from next-generation sequencing data},
  author={Zagordi, O. and Bhattacharya, A. and Eriksson, N. and Beerenwinkel, N.},
  journal={BMC Bioinfromatics},
  volume={12 },
  pages={119},
  year={2011}
}


@article{BLAST,
  title={Gapped BLAST and PSI-BLAST: a new generation of protein database search programs},
  author={Altschul, S.F. and Madden, T.L. and Sch{\"a}ffer, A.A. and Zhang, J. and Zhang, Z. and Miller, W. and Lipman, D.J.},
  journal={Nucleic acids research},
  volume={25},
  number={17},
  pages={3389--3402},
  year={1997},
  publisher={Oxford Univ Press}
}

@article{Meader2010,
  title={Genome assembly quality: assestment and improvement suing the neutral indel model},
  author={Meader, S. and Hillier, L.W. and Locke, D. and Ponting, C.P. and Lunter, G.},
  journal={Genome Res},
  volume={20(5)},
  pages={675--684},
  year={2010}
}

@article{genovo2011,
  title={Genovo: \emph{de novo} assembly for metagenomes},
  author={J. Laserson and V. Jojic and D. Koller},
  journal={Journal of Computational Biology},
  volume={18},
  number={3},
  pages={429--443},
  year={2011}
}

@article{DNPTrapper,
  title={DNPTrapper: an assembly editing tool for finishing and analysis of complex repeat regions},
  author={Arner E and Tammi MT and Tran AN and Kindlund E and Andersson B},
  journal={BMC Bioinformatics },
  volume={7},
  pages={155},
  year={2006}
}

@article{Kim2001,
  title={A probabilistic approach to sequence assembly validation},
  author={Kim S and Liao L and Tomb JF},
  journal={In Proceedings of the ACM SIGKDD Workshop on Data Mining in Bioinformatics (BIOKDD'01) },
  pages={38--43},
  year={2001}
}

@article{MauveMetrics,
  title={Mauve Assembly Metrics},
  author={Darling A. E. and Tritt A. and Eisen J. A. and Facciotti, M. T.},
  journal={Bioinformatics},
  volume={27(19)},
  pages={2756--2757},
  year={2011}
}

@article{Zimin2008,
  title={Assembly reconciliation},
  author={Zimin AV and Smith DR and Sutton G and Yorke JA},
  journal={Bioinformatics},
  volume={24},
  pages={42--45},
  year={2008}
}

@article{Hawkeye,
  title={Hawkeye: an interactive visual analytics tool for genome assemblies},
  author={Schatz MC and Phillippy AM and Shneiderman B and Salzberg SL},
  journal={Genome Biol},
  volume={8},
  pages={R34},
  year={2007}
}

@article{earl2011assemblathon,
  title={Assemblathon 1: A competitive assessment of de novo short read assembly methods},
  author={Earl, D. and Bradnam, K. and John, J.S. and Darling, A. and Lin, D. and Fass, J. and Yu, H.O.K. and Buffalo, V. and Zerbino, D.R. and Diekhans, M. and others},
  journal={Genome research},
  volume={21},
  number={12},
  pages={2224--2241},
  year={2011},
  publisher={Cold Spring Harbor Lab}
}

@misc{SGA,
Author={SGA},
Howpublished={\url{https://github.com/jts/sga}},
}

@misc{Celera,
Author={The Celera Assembler webpage},
Howpublished={\url{http://wgs-assembler.sourceforge.net}},
}

@misc{MSR-CA,
Author={MSR--CA},
Howpublished={\url{http://www.genome.umd.edu/SR_CA_MANUAL.htm}},
}

@article{medvedev2009maximum,
  title={Maximum likelihood genome assembly},
  author={Medvedev, P. and Brudno, M.},
  journal={Journal of computational Biology},
  volume={16},
  number={8},
  pages={1101--1116},
  year={2009},
  publisher={Mary Ann Liebert, Inc. 140 Huguenot Street, 3rd Floor New Rochelle, NY 10801 USA}
}
@article{bradnam2013assemblathon,
  title={Assemblathon 2: evaluating de novo methods of genome assembly in three vertebrate species},
  author={Bradnam, Keith R and Fass, Joseph N and Alexandrov, Anton and Baranay, Paul and Bechner, Michael and Birol, {\.I}nan{\c{c}} and Boisvert10, S{\'e}bastien and Chapman, Jarrod A and Chapuis, Guillaume and Chikhi, Rayan and others},
  journal={arXiv preprint arXiv:1301.5406},
  year={2013}
}

@article{vezzi2012feature,
  title={Feature-by-feature--evaluating de novo sequence assembly},
  author={Vezzi, F. and Narzisi, G. and Mishra, B.},
  journal={PloS one},
  volume={7},
  number={2},
  pages={e31002},
  year={2012},
  publisher={Public Library of Science}
}

@article{kingsford2010assembly,
  title={Assembly complexity of prokaryotic genomes using short reads},
  author={Kingsford, C. and Schatz, M. and Pop, M.},
  journal={BMC bioinformatics},
  volume={11},
  number={1},
  pages={21},
  year={2010},
  publisher={BioMed Central Ltd}
}

@article{nagarajan2010finishing,
  title={Finishing genomes with limited resources: lessons from an ensemble of microbial genomes},
  author={Nagarajan, N. and Cook, C. and Di Bonaventura, M.P. and Ge, H. and Richards, A. and Bishop-Lilly, K. and DeSalle, R. and Read, T. and Pop, M.},
  journal={BMC genomics},
  volume={11},
  number={1},
  pages={242},
  year={2010},
  publisher={BioMed Central Ltd}
}

@article{fraser2002value,
  title={The value of complete microbial genome sequencing (you get what you pay for)},
  author={Fraser, C.M. and Eisen, J.A. and Nelson, K.E. and Paulsen, I.T. and Salzberg, S.L.},
  journal={Journal of bacteriology},
  volume={184},
  number={23},
  pages={6403--6405},
  year={2002},
  publisher={Am Soc Microbiol}
}

@article{branscomb2002high,
  title={On the high value of low standards},
  author={Branscomb, E. and Predki, P.},
  journal={Journal of bacteriology},
  volume={184},
  number={23},
  pages={6406--6409},
  year={2002},
  publisher={Am Soc Microbiol}
}

@article{chain2009genome,
  title={Genome project standards in a new era of sequencing},
  author={Chain, PSG and Grafham, DV and Fulton, RS and Fitzgerald, MG and Hostetler, J. and Muzny, D. and Ali, J. and Birren, B. and Bruce, DC and Buhay, C. and others},
  journal={Science},
  volume={326},
  number={5950},
  pages={236--237},
  year={2009},
  publisher={American Association for the Advancement of Science}
}

@article{zhou2007validation,
  title={Validation of rice genome sequence by optical mapping},
  author={Zhou, S. and Bechner, M.C. and Place, M. and Churas, C.P. and Pape, L. and Leong, S.A. and Runnheim, R. and Forrest, D.K. and Goldstein, S. and Livny, M. and others},
  journal={BMC genomics},
  volume={8},
  number={1},
  pages={278},
  year={2007},
  publisher={BioMed Central Ltd}
}

@article{adamidi2011novo,
  title={De novo assembly and validation of planaria transcriptome by massive parallel sequencing and shotgun proteomics},
  author={Adamidi, C. and Wang, Y. and Gruen, D. and Mastrobuoni, G. and You, X. and Tolle, D. and Dodt, M. and Mackowiak, S.D. and Gogol-Doering, A. and Oenal, P. and others},
  journal={Genome research},
  volume={21},
  number={7},
  pages={1193--1200},
  year={2011},
  publisher={Cold Spring Harbor Lab}
}

@article{clark2013ale,
  title={ALE: a generic assembly likelihood evaluation framework for assessing the accuracy of genome and metagenome assemblies},
  author={Clark, Scott and Egan, Rob and Frazier, Peter I and Wang, Zhong},
  journal={Bioinformatics},
  year={2013},
  publisher={Oxford Univ Press}
}

@article{rahman2013cgal,
  title={CGAL: computing genome assembly likelihoods},
  author={Rahman, Atif and Pachter, Lior},
  journal={Genome Biology},
  volume={14},
  number={1},
  pages={R8},
  year={2013},
  publisher={BioMed Central Ltd}
}

@article{green1997against,
  title={Against a whole-genome shotgun},
  author={Green, P.},
  journal={Genome Research},
  volume={7},
  number={5},
  pages={410--417},
  year={1997},
  publisher={Cold Spring Harbor Lab}
}

@article{weber1997human,
  title={Human whole-genome shotgun sequencing},
  author={Weber, J.L. and Myers, E.W.},
  journal={Genome Research},
  volume={7},
  number={5},
  pages={401--409},
  year={1997},
  publisher={Cold Spring Harbor Lab}
}

@article{rusch2007sorcerer,
  title={The Sorcerer II global ocean sampling expedition: northwest Atlantic through eastern tropical Pacific},
  author={Rusch, Douglas B and Halpern, Aaron L and Sutton, Granger and Heidelberg, Karla B and Williamson, Shannon and Yooseph, Shibu and Wu, Dongying and Eisen, Jonathan A and Hoffman, Jeff M and Remington, Karin and others},
  journal={PLoS biology},
  volume={5},
  number={3},
  pages={e77},
  year={2007},
  publisher={Public Library of Science}
}
@article{wu2011stalking,
  title={Stalking the fourth domain in metagenomic data: searching for, discovering, and interpreting novel, deep branches in marker gene phylogenetic trees},
  author={Wu, Dongying and Wu, Martin and Halpern, Aaron and Rusch, Douglas B and Yooseph, Shibu and Frazier, Marvin and Venter, J Craig and Eisen, Jonathan A},
  journal={PLoS One},
  volume={6},
  number={3},
  pages={e18011},
  year={2011},
  publisher={Public Library of Science}
}
@article{yooseph2007sorcerer,
  title={The Sorcerer II Global Ocean Sampling expedition: expanding the universe of protein families},
  author={Yooseph, Shibu and Sutton, Granger and Rusch, Douglas B and Halpern, Aaron L and Williamson, Shannon J and Remington, Karin and Eisen, Jonathan A and Heidelberg, Karla B and Manning, Gerard and Li, Weizhong and others},
  journal={PLoS biology},
  volume={5},
  number={3},
  pages={e16},
  year={2007},
  publisher={Public Library of Science}
}

@article{varin2012metagenomic,
  title={Metagenomic analysis of stress genes in microbial mat communities from Antarctica and the High Arctic},
  author={Varin, Thibault and Lovejoy, Connie and Jungblut, Anne D and Vincent, Warwick F and Corbeil, Jacques},
  journal={Applied and environmental microbiology},
  volume={78},
  number={2},
  pages={549--559},
  year={2012},
  publisher={Am Soc Microbiol}
}

@article{gill2006metagenomic,
  title={Metagenomic analysis of the human distal gut microbiome},
  author={Gill, Steven R and Pop, Mihai and DeBoy, Robert T and Eckburg, Paul B and Turnbaugh, Peter J and Samuel, Buck S and Gordon, Jeffrey I and Relman, David A and Fraser-Liggett, Claire M and Nelson, Karen E},
  journal={science},
  volume={312},
  number={5778},
  pages={1355--1359},
  year={2006},
  publisher={American Association for the Advancement of Science}
}

@incollection{medvedev2007computability,
  title={Computability of models for sequence assembly},
  author={Medvedev, Paul and Georgiou, Konstantinos and Myers, Gene and Brudno, Michael},
  booktitle={Algorithms in Bioinformatics},
  pages={289--301},
  year={2007},
  publisher={Springer}
}

@article{peterson2009nih,
  title={The NIH human microbiome project},
  author={Peterson, Jane and Garges, Susan and Giovanni, Maria and McInnes, Pamela and Wang, Lu and Schloss, Jeffery A and Bonazzi, Vivien and McEwen, Jean E and Wetterstrand, Kris A and Deal, Carolyn and others},
  journal={Genome research},
  volume={19},
  number={12},
  pages={2317--2323},
  year={2009},
  publisher={Cold Spring Harbor Lab}
}

@article{he2013comparative,
  title={Comparative Metagenomic and Metatranscriptomic Analysis of Hindgut Paunch Microbiota in Wood-and Dung-Feeding Higher Termites},
  author={He, Shaomei and Ivanova, Natalia and Kirton, Edward and Allgaier, Martin and Bergin, Claudia and Scheffrahn, Rudolf H and Kyrpides, Nikos C and Warnecke, Falk and Tringe, Susannah G and Hugenholtz, Philip},
  journal={PloS one},
  volume={8},
  number={4},
  pages={e61126},
  year={2013},
  publisher={Public Library of Science}
}

@article{peng2011meta,
  title={Meta-IDBA: a de novo assembler for metagenomic data},
  author={Peng, Yu and Leung, Henry CM and Yiu, Siu-Ming and Chin, Francis YL},
  journal={Bioinformatics},
  volume={27},
  number={13},
  pages={i94--i101},
  year={2011},
  publisher={Oxford Univ Press}
}

@article{namiki2012metavelvet,
  title={MetaVelvet: an extension of Velvet assembler to de novo metagenome assembly from short sequence reads},
  author={Namiki, Toshiaki and Hachiya, Tsuyoshi and Tanaka, Hideaki and Sakakibara, Yasubumi},
  journal={Nucleic acids research},
  volume={40},
  number={20},
  pages={e155--e155},
  year={2012},
  publisher={Oxford Univ Press}
}

@article{treangen2013metamos,
  title={MetAMOS: a modular and open source metagenomic assembly and analysis pipeline},
  author={Treangen, Todd J and Koren, Sergey and Sommer, Daniel D and Liu, Bo and Astrovskaya, Irina and Ondov, Brian and Darling, Aaron E and Phillippy, Adam M and Pop, Mihai},
  journal={Genome biology},
  volume={14},
  number={1},
  pages={R2},
  year={2013},
  publisher={BioMed Central Ltd}
}

@article{salzberg2011gage,
  title={GAGE: A critical evaluation of genome assemblies and assembly algorithms},
  author={Salzberg, S.L. and Phillippy, A.M. and Zimin, A. and Puiu, D. and Magoc, T. and Koren, S. and Treangen, T.J. and Schatz, M.C. and Delcher, A.L. and Roberts, M. and others},
  journal={Genome Research},
  year={2011},
  publisher={Cold Spring Harbor Lab}
}

@article{mitreva2012structure,
  title={Structure, function and diversity of the healthy human microbiome},
  author={Mitreva, Makedonka and others},
  journal={Nature},
  volume={486},
  pages={207--214},
  year={2012},
  publisher={Macmillan Publishers Limited}
}

@article{methe2012framework,
  title={A framework for human microbiome research},
  author={Meth{\'e}, Barbara A and Nelson, Karen E and Pop, Mihai and Creasy, Heather H and Giglio, Michelle G and Huttenhower, Curtis and Gevers, Dirk and Petrosino, Joseph F and Abubucker, Sahar and Badger, Jonathan H and others},
  journal={Nature},
  volume={486},
  number={7402},
  pages={215--221},
  year={2012},
  publisher={NIH Public Access}
}

@article{carrigg2007dna,
  title={DNA extraction method affects microbial community profiles from soils and sediment},
  author={Carrigg, Cora and Rice, Olivia and Kavanagh, Siobh{\'a}n and Collins, Gavin and O‚ÄôFlaherty, Vincent},
  journal={Applied microbiology and biotechnology},
  volume={77},
  number={4},
  pages={955--964},
  year={2007},
  publisher={Springer}
}
@article{krsek1999comparison,
  title={Comparison of different methods for the isolation and purification of total community DNA from soil},
  author={Krsek, M and Wellington, EMH},
  journal={Journal of Microbiological Methods},
  volume={39},
  number={1},
  pages={1--16},
  year={1999},
  publisher={Elsevier}
}

@article{morgan2010metagenomic,
  title={Metagenomic sequencing of an in vitro-simulated microbial community},
  author={Morgan, Jenna L and Darling, Aaron E and Eisen, Jonathan A},
  journal={PLoS One},
  volume={5},
  number={4},
  pages={e10209},
  year={2010},
  publisher={Public Library of Science}
}
@article{temperton2009bias,
  title={Bias in assessments of marine microbial biodiversity in fosmid libraries as evaluated by pyrosequencing},
  author={Temperton, Ben and Field, Dawn and Oliver, Anna and Tiwari, Bela and M{\"u}hling, Martin and Joint, Ian and Gilbert, Jack A},
  journal={The ISME journal},
  volume={3},
  number={7},
  pages={792--796},
  year={2009},
  publisher={Nature Publishing Group}
}
@article{darling2004mauve,
  title={Mauve: multiple alignment of conserved genomic sequence with rearrangements},
  author={Darling, Aaron CE and Mau, Bob and Blattner, Frederick R and Perna, Nicole T},
  journal={Genome research},
  volume={14},
  number={7},
  pages={1394--1403},
  year={2004},
  publisher={Cold Spring Harbor Lab}
}

@article{delcher2003using,
  title={Using MUMmer to identify similar regions in large sequence sets},
  author={Delcher, Arthur L and Salzberg, Steven L and Phillippy, Adam M},
  journal={Current Protocols in Bioinformatics},
  pages={10--3},
  year={2003},
  publisher={Wiley Online Library}
}

@article{langmead2012fast,
  title={Fast gapped-read alignment with Bowtie 2},
  author={Langmead, Ben and Salzberg, Steven L},
  journal={Nature methods},
  volume={9},
  number={4},
  pages={357--359},
  year={2012},
  publisher={Nature Publishing Group}
}

@article{chikhi2013informed,
  title={Informed and automated k-mer size selection for genome assembly},
  author={Chikhi, Rayan and Medvedev, Paul},
  journal={arXiv preprint arXiv:1304.5665},
  year={2013}
}

@article{angly2006marine,
  title={The marine viromes of four oceanic regions},
  author={Angly, Florent E and Felts, Ben and Breitbart, Mya and Salamon, Peter and Edwards, Robert A and Carlson, Craig and Chan, Amy M and Haynes, Matthew and Kelley, Scott and Liu, Hong and others},
  journal={PLoS biology},
  volume={4},
  number={11},
  pages={e368},
  year={2006},
  publisher={Public Library of Science}
}

@article{dinsdale2008functional,
  title={Functional metagenomic profiling of nine biomes},
  author={Dinsdale, Elizabeth A and Edwards, Robert A and Hall, Dana and Angly, Florent and Breitbart, Mya and Brulc, Jennifer M and Furlan, Mike and Desnues, Christelle and Haynes, Matthew and Li, Linlin and others},
  journal={Nature},
  volume={452},
  number={7187},
  pages={629--632},
  year={2008},
  publisher={Nature Publishing Group}
}

@article{boisvert2012ray,
  title={Ray Meta: scalable de novo metagenome assembly and profiling},
  author={Boisvert, S{\'e}bastien and Raymond, Fr{\'e}d{\'e}ric and Godzaridis, {\'E}l{\'e}nie and Laviolette, Fran{\c{c}}ois and Corbeil, Jacques and others},
  journal={Genome biology},
  volume={13},
  number={12},
  pages={R122},
  year={2012},
  publisher={BioMed Central Ltd}
}