@article{allpaths2,
    author = {Maccallum, Iain and Przybylski, Dariusz and Gnerre, Sante and Burton, Joshua and Shlyakhter, Ilya and Gnirke, Andreas and Malek, Joel and McKernan, Kevin and Ranade, Swati and Shea, Terrance P. and Williams, Louise and Young, Sarah and Nusbaum, Chad and Jaffe, David B.},
    day = {1},
    doi = {10.1186/gb-2009-10-10-r103},
    issn = {1465-6914},
    journal = {Genome biology},
    keywords = {mapping, ngs},
    month = oct,
    number = {10},
    pages = {R103+},
    priority = {2},
    title = {{ALLPATHS 2: small genomes assembled accurately and with high continuity from short paired reads.}},
    url = {http://dx.doi.org/10.1186/gb-2009-10-10-r103},
    volume = {10},
    year = {2009}
}

@article{myers1995,
  title={Toward simplifying and accurately formulating fragment assembly},
  author={Myers, EW},
  journal={J. Comp. Biol.},
  volume={2},
  pages={275--90},
  year={1995}
}

@article{pop2008trends,
  title={Bioinformatics challenges of new sequencing technology},
  author={M. Pop and S. L. Salzberg},
  journal={Trends in Genetics},
  volume={24(3)},
  pages={142--149},
  year={2008}
}

@article{salzberg2005misassemblies,
  title={Beware of mis-assembled genomes},
  author={S. L. Salzberg and J.A. Yorke},
  journal={Bioinformatics},
  volume={21(24)},
  pages={4320--4321},
  year={2005}
}

@article{humanGenome2001,
  title={Initial sequencing and analysis of human genome},
  author={E.S. Lander and L.M. Linton and B. Birren and C. Nusbaum and M.C. Zody},
  journal={Nature},
  volume={409},
  pages={860--921},
  year={2001}
}

@article{nagarajan2009complexity,
  title={Parametric complexity of sequence assembly: theory and applications to next generation sequencing},
  author={Nagarajan, N. and Pop, M.},
  journal={J. Comp. Biol. },
  volume={16(7)},
  pages={897--908},
  year={2009}
}

@article{ABySS,
  author={Simpson, J.T. and Wong, K. and Jackman, S. D. and Schein, J. E. and Jones, S. J. M. and Birol, .I},
  title={ABySS: a parallel assembler for short read sequence data},
  journal ={Genome Res. },
  year={2009},
  volume ={19},
  number={6},
  pages={1117--1123},
}

@article{Velvet,
  author={Zerbino, D. R. and Birney, E.},
  title={Velvet: algorithms for de novo short read assembly using de Bruijn graphs},
  journal={Genome Res. },
  year={2008},
  volume={18},
  pages={821--829},
}

@article{Allpaths-LG,
  author={Gnerre, S and Maccallum, I and Przybylski, D and Ribeiro, FJ and Burton, JN and Walker, BJ and Sharpe, T and Hall, G and Shea, TP and Sykes, S, et al.},
  title={High--¬Åquality draft assemblies of mammalian genomes from massively parallel sequence data},
  journal={Proc Natl Acad Sci USA },
  year={2011},
  volume={108(4)},
  pages={1513--1518},
}

@article{Bambus2,
  author={Koren, S. and Treangen, T.J. and Pop, M.},
  title={Bambus2: Scaffolding Metagenomes},
  journal={Bioinformatics},
  volume={27(21)},
  pages={2964--2971},
}

@article{CABOG,
  author={Miller, J.R. and Delcher, A.L. and Koren, S. and Venter, E. and Walenz, B.P. and Brownley, A. and Johnson, J. and Li, K. and Mobarry, C. and Sutton, G.},
  title={Aggressive assembly of pyrosequencing reads with mates},
  journal={Bioinformatics},
  year={2008},
  volume={24(24)},
  pages={2818--2824},
}

@article{Miller2010,
  author={Miller, J and Koren, S and Sutton, G},
  title={Assembly algorithms for next-generation sequencing data},
  journal={Genomics},
  year={2010},
  volume={95(6)},
  pages={315--327},
}

@article{SOAPdenovo,
  author={Li, R and Zhu, H and Ruan, J and Qian, W and Fang, X and Shi, Z and Li, Y and Li, S and Shan, G and Kristiansen, K, et al.},
  title={De novo assembly of human genomes with massively parallel short read sequencing},
  journal={Bioinformatics},
  year={2010},
  volume={20(2)},
  pages={265--272},
}

@article{Lin2011simulatedData,
  title={Comparative studies of de novo assembly tools for next-generation sequencing technologies},
  author={Y. Lin and J. Li and H. Shen and L. Zhang and C. Papasian and H.-W. Deng},
  journal={Bioinformatics},
  volume={27(15)},
  pages={1--7},
  year={2011}
}

@article{amosvalidate2008,
  author={Phillippy, AM and Schatz, MC and Pop, M},
  title={Genome assembly forensics: finding the elusive mis-assembly},
  journal={Genome Biol.},
  year={2008},
  volume={9(3)},
  pages={R55},
}

@article{FRC2011,
  title={Comparing \emph{de novo} genome assembly: the long and short of it},
  author={Narzisi, G. and Mishra B.},
  journal={PLoS ONE},
  volume={6},
  pages={e19175},
  year={2011}
}

@article{CQS,
  title={CAP3: a DNA sequence assembly program},
  author={Huang, X. and Madan, A.},
  journal={Genome Res},
  volume={9},
  pages={868--877},
  year={1999}
}

@article{Huson2001,
  title={Comparing assemblies using fragments and mate-pairs},
  author={Huson DH and Halpern AL and Lai Z and Myers EW and Reinert K and Sutton GG},
  journal={In Proceedings of the Algorithms in Bioinformatics: First International Workshop, WABI 2001 [Lecture Notes in Computer Science]},
  volume={2149},
  pages={294--306},
  year={2001}
}

@article{Consed,
  title={Consed: a graphical tool for sequence finishing},
  author={Gordon D and Abajian C and Green P},
  journal={Genome Res},
  volume={8},
  pages={195--202},
  year={1998}
}

@article{BACCardI,
  title={BACCardI - a tool for the validation of genomic assemblies, assisting genome finishing and intergenome comparison},
  author={Bartels D and Kespohl S and Albaum S and Druke T and Goesmann A and Herold J and Kaiser O and Puhler A and Pfeiffer F and Raddatz G and Stoye J and Meyer F and Schuster SC},
  journal={Bioinformatics},
  volume={21},
  pages={853--859},
  year={2005}
}

@article{TAMPA,
  title={A tool for analyzing mate pairs in assemblies (TAMPA)},
  author={Dew IM and Walenz B and Sutton G},
  journal={J Comput Biol},
  volume={12},
  pages={497--513},
  year={2005}
}

@article{CeleraAssembler,
  title={A whole-genome assembly of Drosophila},
  author={Myers, E.W. and Sutton, G.G. and Delcher, A.L. and Dew, I.M. and Fasulo, D.P. and Flanigan, M.J. and Kravitz, S.A. and Mobarry, C.M. and Reinert, K.H.J. and Remington, K.A. and others},
  journal={Science},
  volume={287},
  number={5461},
  pages={2196--2204},
  year={2000},
  publisher={American Association for the Advancement of Science}
}

@article{MUMmer,
  title={Versatile and open software for comparing large genomes},
  author={Kurtz S., et al},
  journal={Genome Biol.},
  volume={5},
  pages={R12},
  year={2004}
}

@article{Mauve,
  title={Mauve: multiple alignment of conserved genomic sequence with rearrangements},
  author={Darling E. C. F., et al},
  journal={Genome Res.},
  volume={14},
  pages={1394 -- 1403},
  year={2004}
}

@article{VISPA,
  title={Inferring viral quasispecies spectra from 454 pyrosequencing reads},
  author={Astrovskaya, I. and Tork, B. and Mangul, S. and Westbrooks, K. and Mandoiu, I. and Balfe, P. and Zelikovsky, A.},
  journal={BMC Bioinfromatics},
  volume={12(Suppl 6):S1 },
  pages={3389--3402},
  year={2011}
}

@article{SHORAH,
  title={ShoRAH: estimating the genetic diversity of a mixed sample from next-generation sequencing data},
  author={Zagordi, O. and Bhattacharya, A. and Eriksson, N. and Beerenwinkel, N.},
  journal={BMC Bioinfromatics},
  volume={12 },
  pages={119},
  year={2011}
}


@article{BLAST,
  title={Gapped BLAST and PSI-BLAST: a new generation of protein database search programs},
  author={Altschul, S.F. and Madden, T.L. and Sch{\"a}ffer, A.A. and Zhang, J. and Zhang, Z. and Miller, W. and Lipman, D.J.},
  journal={Nucleic acids research},
  volume={25},
  number={17},
  pages={3389--3402},
  year={1997},
  publisher={Oxford Univ Press}
}

@article{Meader2010,
  title={Genome assembly quality: assestment and improvement suing the neutral indel model},
  author={Meader, S. and Hillier, L.W. and Locke, D. and Ponting, C.P. and Lunter, G.},
  journal={Genome Res},
  volume={20(5)},
  pages={675--684},
  year={2010}
}

@article{genovo2011,
  title={Genovo: \emph{de novo} assembly for metagenomes},
  author={J. Laserson and V. Jojic and D. Koller},
  journal={Journal of Computational Biology},
  volume={18},
  number={3},
  pages={429--443},
  year={2011}
}

@article{DNPTrapper,
  title={DNPTrapper: an assembly editing tool for finishing and analysis of complex repeat regions},
  author={Arner E and Tammi MT and Tran AN and Kindlund E and Andersson B},
  journal={BMC Bioinformatics },
  volume={7},
  pages={155},
  year={2006}
}

@article{Kim2001,
  title={A probabilistic approach to sequence assembly validation},
  author={Kim S and Liao L and Tomb JF},
  journal={In Proceedings of the ACM SIGKDD Workshop on Data Mining in Bioinformatics (BIOKDD'01) },
  pages={38--43},
  year={2001}
}

@article{MauveMetrics,
  title={Mauve Assembly Metrics},
  author={Darling A. E. and Tritt A. and Eisen J. A. and Facciotti, M. T.},
  journal={Bioinformatics},
  volume={27(19)},
  pages={2756--2757},
  year={2011}
}

@article{Zimin2008,
  title={Assembly reconciliation},
  author={Zimin AV and Smith DR and Sutton G and Yorke JA},
  journal={Bioinformatics},
  volume={24},
  pages={42--45},
  year={2008}
}

@article{Hawkeye,
  title={Hawkeye: an interactive visual analytics tool for genome assemblies},
  author={Schatz MC and Phillippy AM and Shneiderman B and Salzberg SL},
  journal={Genome Biol},
  volume={8},
  pages={R34},
  year={2007}
}

@article{earl2011assemblathon,
  title={Assemblathon 1: A competitive assessment of de novo short read assembly methods},
  author={Earl, D. and Bradnam, K. and John, J.S. and Darling, A. and Lin, D. and Fass, J. and Yu, H.O.K. and Buffalo, V. and Zerbino, D.R. and Diekhans, M. and others},
  journal={Genome research},
  volume={21},
  number={12},
  pages={2224--2241},
  year={2011},
  publisher={Cold Spring Harbor Lab}
}

@misc{SGA,
Author={SGA},
Howpublished={\url{https://github.com/jts/sga}},
}

@misc{Celera,
Author={The Celera Assembler webpage},
Howpublished={\url{http://wgs-assembler.sourceforge.net}},
}

@misc{MSR-CA,
Author={MSR--CA},
Howpublished={\url{http://www.genome.umd.edu/SR_CA_MANUAL.htm}},
}

@article{medvedev2009maximum,
  title={Maximum likelihood genome assembly},
  author={Medvedev, P. and Brudno, M.},
  journal={Journal of computational Biology},
  volume={16},
  number={8},
  pages={1101--1116},
  year={2009},
  publisher={Mary Ann Liebert, Inc. 140 Huguenot Street, 3rd Floor New Rochelle, NY 10801 USA}
}

@article{vezzi2012feature,
  title={Feature-by-feature--evaluating de novo sequence assembly},
  author={Vezzi, F. and Narzisi, G. and Mishra, B.},
  journal={PloS one},
  volume={7},
  number={2},
  pages={e31002},
  year={2012},
  publisher={Public Library of Science}
}

@article{kingsford2010assembly,
  title={Assembly complexity of prokaryotic genomes using short reads},
  author={Kingsford, C. and Schatz, M. and Pop, M.},
  journal={BMC bioinformatics},
  volume={11},
  number={1},
  pages={21},
  year={2010},
  publisher={BioMed Central Ltd}
}

@article{nagarajan2010finishing,
  title={Finishing genomes with limited resources: lessons from an ensemble of microbial genomes},
  author={Nagarajan, N. and Cook, C. and Di Bonaventura, M.P. and Ge, H. and Richards, A. and Bishop-Lilly, K. and DeSalle, R. and Read, T. and Pop, M.},
  journal={BMC genomics},
  volume={11},
  number={1},
  pages={242},
  year={2010},
  publisher={BioMed Central Ltd}
}

@article{fraser2002value,
  title={The value of complete microbial genome sequencing (you get what you pay for)},
  author={Fraser, C.M. and Eisen, J.A. and Nelson, K.E. and Paulsen, I.T. and Salzberg, S.L.},
  journal={Journal of bacteriology},
  volume={184},
  number={23},
  pages={6403--6405},
  year={2002},
  publisher={Am Soc Microbiol}
}

@article{branscomb2002high,
  title={On the high value of low standards},
  author={Branscomb, E. and Predki, P.},
  journal={Journal of bacteriology},
  volume={184},
  number={23},
  pages={6406--6409},
  year={2002},
  publisher={Am Soc Microbiol}
}

@article{chain2009genome,
  title={Genome project standards in a new era of sequencing},
  author={Chain, PSG and Grafham, DV and Fulton, RS and Fitzgerald, MG and Hostetler, J. and Muzny, D. and Ali, J. and Birren, B. and Bruce, DC and Buhay, C. and others},
  journal={Science},
  volume={326},
  number={5950},
  pages={236--237},
  year={2009},
  publisher={American Association for the Advancement of Science}
}

@article{zhou2007validation,
  title={Validation of rice genome sequence by optical mapping},
  author={Zhou, S. and Bechner, M.C. and Place, M. and Churas, C.P. and Pape, L. and Leong, S.A. and Runnheim, R. and Forrest, D.K. and Goldstein, S. and Livny, M. and others},
  journal={BMC genomics},
  volume={8},
  number={1},
  pages={278},
  year={2007},
  publisher={BioMed Central Ltd}
}

@article{adamidi2011novo,
  title={De novo assembly and validation of planaria transcriptome by massive parallel sequencing and shotgun proteomics},
  author={Adamidi, C. and Wang, Y. and Gruen, D. and Mastrobuoni, G. and You, X. and Tolle, D. and Dodt, M. and Mackowiak, S.D. and Gogol-Doering, A. and Oenal, P. and others},
  journal={Genome research},
  volume={21},
  number={7},
  pages={1193--1200},
  year={2011},
  publisher={Cold Spring Harbor Lab}
}

@article{clark2013ale,
  title={ALE: a generic assembly likelihood evaluation framework for assessing the accuracy of genome and metagenome assemblies},
  author={Clark, Scott and Egan, Rob and Frazier, Peter I and Wang, Zhong},
  journal={Bioinformatics},
  year={2013},
  publisher={Oxford Univ Press}
}

@article{rahman2013cgal,
  title={CGAL: computing genome assembly likelihoods},
  author={Rahman, Atif and Pachter, Lior},
  journal={Genome Biology},
  volume={14},
  number={1},
  pages={R8},
  year={2013},
  publisher={BioMed Central Ltd}
}

@article{green1997against,
  title={Against a whole-genome shotgun},
  author={Green, P.},
  journal={Genome Research},
  volume={7},
  number={5},
  pages={410--417},
  year={1997},
  publisher={Cold Spring Harbor Lab}
}

@article{weber1997human,
  title={Human whole-genome shotgun sequencing},
  author={Weber, J.L. and Myers, E.W.},
  journal={Genome Research},
  volume={7},
  number={5},
  pages={401--409},
  year={1997},
  publisher={Cold Spring Harbor Lab}
}

@article{bradnam2013assemblathon,
  title={Assemblathon 2: evaluating de novo methods of genome assembly in three vertebrate species},
  author={Bradnam, Keith R and Fass, Joseph N and Alexandrov, Anton and Baranay, Paul and Bechner, Michael and Birol, {\.I}nan{\c{c}} and Boisvert10, S{\'e}bastien and Chapman, Jarrod A and Chapuis, Guillaume and Chikhi, Rayan and others},
  journal={arXiv preprint arXiv:1301.5406},
  year={2013}
}

@article{altschul1990basic,
  title={Basic local alignment search tool},
  author={Altschul, S.F. and Gish, W. and Miller, W. and Myers, E.W. and Lipman, D.J.},
  journal={Journal of molecular biology},
  volume={215},
  number={3},
  pages={403--410},
  year={1990},
  publisher={Elsevier}
}
@article{langmead2009ultrafast,
  title={Ultrafast and memory-efficient alignment of short DNA sequences to the human genome},
  author={Langmead, B. and Trapnell, C. and Pop, M. and Salzberg, S.L.},
  journal={Genome Biol},
  volume={10},
  number={3},
  pages={R25},
  year={2009}
}
@article{li2009fast,
  title={Fast and accurate short read alignment with Burrows--Wheeler transform},
  author={Li, H. and Durbin, R.},
  journal={Bioinformatics},
  volume={25},
  number={14},
  pages={1754--1760},
  year={2009},
  publisher={Oxford Univ Press}
}
@article{li2009sequence,
  title={The sequence alignment/map format and SAMtools},
  author={Li, H. and Handsaker, B. and Wysoker, A. and Fennell, T. and Ruan, J. and Homer, N. and Marth, G. and Abecasis, G. and Durbin, R. and others},
  journal={Bioinformatics},
  volume={25},
  number={16},
  pages={2078},
  year={2009},
  publisher={Oxford Univ Press}
}
@article{zaharia2011faster,
  title={Faster and More Accurate Sequence Alignment with SNAP},
  author={Zaharia, M. and Bolosky, W.J. and Curtis, K. and Fox, A. and Patterson, D. and Shenker, S. and Stoica, I. and Karp, R.M. and Sittler, T.},
  journal={Arxiv preprint arXiv:1111.5572},
  year={2011}
}

@article{li2008mapping,
  title={Mapping short DNA sequencing reads and calling variants using mapping quality scores},
  author={Li, H. and Ruan, J. and Durbin, R.},
  journal={Genome research},
  volume={18},
  number={11},
  pages={1851--1858},
  year={2008},
  publisher={Cold Spring Harbor Lab}
}

@article{salzberg2011gage,
  title={GAGE: A critical evaluation of genome assemblies and assembly algorithms},
  author={Salzberg, S.L. and Phillippy, A.M. and Zimin, A. and Puiu, D. and Magoc, T. and Koren, S. and Treangen, T.J. and Schatz, M.C. and Delcher, A.L. and Roberts, M. and others},
  journal={Genome Research},
  year={2011},
  publisher={Cold Spring Harbor Lab}
}

@article{hach2010mrsfast,
  title={mrsFAST: a cache-oblivious algorithm for short-read mapping},
  author={Hach, Faraz and Hormozdiari, Fereydoun and Alkan, Can and Hormozdiari, Farhad and Birol, Inanc and Eichler, Evan E and Sahinalp, S Cenk},
  journal={Nature methods},
  volume={7},
  number={8},
  pages={576--577},
  year={2010},
  publisher={Nature Publishing Group}
}

@article{kelley2010quake,
  title={Quake: quality-aware detection and correction of sequencing errors},
  author={Kelley, David R and Schatz, Michael C and Salzberg, Steven L and others},
  journal={Genome Biol},
  volume={11},
  number={11},
  pages={R116},
  year={2010}
}

@article{simpson2011efficient,
  title={Efficient de novo assembly of large genomes using compressed data structures},
  author={Simpson, J.T. and Durbin, R.},
  journal={Genome research},
  year={2011},
  publisher={Cold Spring Harbor Lab}
}

@article{li2010state,
  title={State of the art de novo assembly of human genomes from massively parallel sequencing data},
  author={Li, Y. and Hu, Y. and Bolund, L. and Wang, J.},
  journal={Human genomics},
  volume={4},
  number={4},
  pages={271--277},
  year={2010},
  publisher={Henry Stewart}
}

@article{langmead2012fast,
  title={Fast gapped-read alignment with Bowtie 2},
  author={Langmead, B. and Salzberg, S.L.},
  journal={Nature methods},
  volume={9},
  number={4},
  pages={357--359},
  year={2012},
  publisher={Nature Publishing Group}
}

@article{rasko2011bacillus,
  title={Bacillus anthracis comparative genome analysis in support of the Amerithrax investigation},
  author={Rasko, D.A. and Worsham, P.L. and Abshire, T.G. and Stanley, S.T. and Bannan, J.D. and Wilson, M.R. and Langham, R.J. and Decker, R.S. and Jiang, L. and Read, T.D. and others},
  journal={Proceedings of the National Academy of Sciences},
  volume={108},
  number={12},
  pages={5027--5032},
  year={2011},
  publisher={National Acad Sciences}
}

@misc{miseq,
  title={E. coli K12 data set generated using Illumina MiSeq technology},
  howpublished ={\url{http://www.illumina.com/systems/miseq/scientific_data.ilmn}},
  note={Accessed: 01/07/2013}
}

@article{medvedev2007computability,
  title={Computability of models for sequence assembly},
  author={Medvedev, P. and Georgiou, K. and Myers, G. and Brudno, M.},
  journal={Algorithms in Bioinformatics},
  pages={289--301},
  year={2007},
  publisher={Springer}
}

@online{metacompass,
  author = {Liu, B., and Pop, M.},
  title = {MetaCompass: comparative assembly of metagenomic sequences},
  year = 2015,
  url = {http://metacompass.cbcb.umd.edu},
  urldate = {2015-06-01}
}

@online{li2013wgsim,
  title={wgsim-Read simulator for next generation sequencing},
  author={Li, H},
  year={2013},
  url = {https://github.com/lh3/wgsim}
}

@article{bankevich2012spades,
  title={SPAdes: a new genome assembly algorithm and its applications to single-cell sequencing},
  author={Bankevich, Anton and Nurk, Sergey and Antipov, Dmitry and Gurevich, Alexey A and Dvorkin, Mikhail and Kulikov, Alexander S and Lesin, Valery M and Nikolenko, Sergey I and Pham, Son and Prjibelski, Andrey D and others},
  journal={Journal of Computational Biology},
  volume={19},
  number={5},
  pages={455--477},
  year={2012},
  publisher={Mary Ann Liebert, Inc. 140 Huguenot Street, 3rd Floor New Rochelle, NY 10801 USA}
}

@article{peng2012idba,
  title={IDBA-UD: a de novo assembler for single-cell and metagenomic sequencing data with highly uneven depth},
  author={Peng, Yu and Leung, Henry CM and Yiu, Siu-Ming and Chin, Francis YL},
  journal={Bioinformatics},
  volume={28},
  number={11},
  pages={1420--1428},
  year={2012},
  publisher={Oxford Univ Press}
}

@article{namiki2012metavelvet,
  title={MetaVelvet: an extension of Velvet assembler to de novo metagenome assembly from short sequence reads},
  author={Namiki, Toshiaki and Hachiya, Tsuyoshi and Tanaka, Hideaki and Sakakibara, Yasubumi},
  journal={Nucleic acids research},
  volume={40},
  number={20},
  pages={e155--e155},
  year={2012},
  publisher={Oxford Univ Press}
}

@article{luo2012soapdenovo2,
  title={SOAPdenovo2: an empirically improved memory-efficient short-read de novo assembler},
  author={Luo, Ruibang and Liu, Binghang and Xie, Yinlong and Li, Zhenyu and Huang, Weihua and Yuan, Jianying and He, Guangzhu and Chen, Yanxiang and Pan, Qi and Liu, Yunjie and others},
  journal={Gigascience},
  volume={1},
  number={1},
  pages={18},
  year={2012}
}

@article{koren2014automated,
  title={Automated ensemble assembly and validation of microbial genomes},
  author={Koren, Sergey and Treangen, Todd J and Hill, Christopher M and Pop, Mihai and Phillippy, Adam M},
  journal={BMC bioinformatics},
  volume={15},
  number={1},
  pages={126},
  year={2014},
  publisher={BioMed Central Ltd}
}
